Copy the shit out of the ones already here and use \cite{...} where ... is the first parameter (i.e. eeds-compendium).

@misc{freak-ssl-tls,
        author          =   "CVE",
        title           =   "FREAK SSL/TLS Vulnerability",
        url    =   {https://cve.mitre.org/cgi-bin/cvename.cgi?name=CVE-2015-0204}
}

@misc{x509,
    author = "Housley, et. al.",
    title = "Internet X.509 Public Key Infrastructure. Certificate and CRL Profile",
    url = {https://www.ietf.org/rfc/rfc2459}
}

@misc{rfc3268,
    author = "P. Chown",
    title = "Advanced Encryption Standard (AES) Ciphersuites for Transport Layer Security (TLS)",
    url = {https://www.ietf.org/rfc/rfc3268.txt}
}

@misc(pkcs-12,
        author = "Internet Engineering Task Force (IETF)",
        title = {PKCS \#12: Personal Information Exchange Syntax v1.1},
        url = {http://tools.ietf.org/html/rfc7292}
)

@misc(gpg,
    author = "Free Software Foundation",
    title = "The GNU Privacy Guard",
    url = {https://www.gnupg.org/}
)

@misc(pgp,
    author = "Internet Engineering Task Force (IETF)",
    title = "OpenPGP Message Format",
    url = {http://www.ietf.org/rfc/rfc4880.txt}
)

@misc(php_passwords,
    author = "The PHP Group",
    title = "Safe Password Hashing",
    url = {http://php.net/manual/en/faq.passwords.php}
)

@misc(blowfish,
    author = "B. Schneier",
    title = "Description of a New Variable-Length Key, 64-Bit Block Cipher (Blowfish)",
    url = {https://www.schneier.com/paper-blowfish-fse.html}
)
